@article{article,
author = {Mccarthy, John},
year = {2018},
month = {09},
pages = {},
title = {An example for natural language understanding and the AI problems it raises}
}